@misc{tang2022_preintegration,
      title={Exploring the Accuracy Potential of IMU Preintegration in Factor Graph Optimization},
      author={Hailiang Tang and Xiaoji Niu and Tisheng Zhang and Jing Fan and Jingnan Liu},
      year={2022},
      eprint={2109.03010},
      archivePrefix={arXiv},
      primaryClass={cs.RO},
      url={https://arxiv.org/abs/2109.03010}}

@misc{alaba2024_gps_and_imu,
      title={GPS-IMU Sensor Fusion for Reliable Autonomous Vehicle Position Estimation},
      author={Simegnew Yihunie Alaba},
      year={2024},
      eprint={2405.08119},
      archivePrefix={arXiv},
      primaryClass={eess.SY},
      url={https://arxiv.org/abs/2405.08119}}

@inproceedings{shan2020_liosam,
  title={LIO-SAM: Tightly-coupled Lidar Inertial Odometry via Smoothing and Mapping},
  author={Shan, Tixiao and Englot, Brendan and Meyers, Drew and Wang, Wei and Ratti, Carlo and Rus Daniela},
  booktitle={IEEE/RSJ International Conference on Intelligent Robots and Systems (IROS)},
  pages={5135-5142},
  year={2020},
  organization={IEEE}}

@INPROCEEDINGS{he2020_visual_imu_and_gps,
      author={He, Guohan and Cao, Qixin and Zhu, Xiaoxiao and Miao, Haoyuan},
      booktitle={2020 16th International Conference on Control, Automation, Robotics and Vision (ICARCV)},
      title={Visual-IMU State Estimation with GPS and OpenStreetMap for Vehicles on a Smartphone},
      year={2020},
      volume={},
      number={},
      pages={516-521},
      keywords={Global Positioning System;Optimization;Sensors;Cameras;Visualization;Roads;Heuristic algorithms},
      doi={10.1109/ICARCV50220.2020.9305386}}

@article{qin2018_vins-mono,
  author={Qin, Tong and Li, Peiliang and Shen, Shaojie},
  journal={IEEE Transactions on Robotics},
  title={VINS-Mono: A Robust and Versatile Monocular Visual-Inertial State Estimator},
  year={2018},
  volume={34},
  number={4},
  pages={1004-1020},
  keywords={Cameras;Optimization;Visualization;Feature extraction;Robustness;Robot sensing systems;Monocular visual-inertial systems (VINSs);state estimation;sensor fusion;simultaneous localization and mapping},
  doi={10.1109/TRO.2018.2853729}}

@INPROCEEDINGS{Anastasios2007_MSCKF,
  author={Mourikis, Anastasios I. and Roumeliotis, Stergios I.},
  booktitle={Proceedings 2007 IEEE International Conference on Robotics and Automation},
  title={A Multi-State Constraint Kalman Filter for Vision-aided Inertial Navigation},
  year={2007},
  volume={},
  number={},
  pages={3565-3572},
  keywords={Inertial navigation;Cameras;Simultaneous localization and mapping;Computational complexity;Solid modeling;Position measurement;Vectors;Large-scale systems;Motion measurement;Motion estimation},
  doi={10.1109/ROBOT.2007.364024}}

@ARTICLE{10616216,
  author={Zha, Gongpu and Guan, Peiyu and Cao, Zhiqiang and Sun, Ting and Yu, Shijie},
  journal={IEEE Sensors Letters},
  title={Monocular Visual-Inertial SLAM With IMU-Aided Hybrid Line Matching},
  year={2024},
  volume={8},
  number={9},
  pages={1-4},
  keywords={Feature extraction;Simultaneous localization and mapping;Accuracy;Image segmentation;Sensors;Optimization;Cameras;Sensor applications;IMU-aided hybrid line matching;improved enhanced line segment drawing (iELSED);multisensor fusion;point-line based loop-closure detection;visual-inertial simultaneous localization and mapping (SLAM)},
  doi={10.1109/LSENS.2024.3435988}}

@misc{jiang2023_UMS-VINS,
      title={UMS-VINS: United Monocular-Stereo Features for Visual-Inertial Tightly Coupled Odometry},
      author={Chaoyang Jiang and Xiaoni Zheng and Zhe Jin and Chengpu Yu},
      year={2023},
      eprint={2303.08550},
      archivePrefix={arXiv},
      primaryClass={cs.RO},
      url={https://arxiv.org/abs/2303.08550}}

@ARTICLE{10587194,
  author={Shen, Zhiheng and Li, Xingxing and Zhou, Yuxuan and Li, Shengyu and Wu, Zongzhou and Wang, Xuanbin},
  journal={IEEE Transactions on Automation Science and Engineering},
  title={Accurate and Capable GNSS-Inertial-Visual Vehicle Navigation via Tightly Coupled Multiple Homogeneous Sensors},
  year={2024},
  volume={},
  number={},
  pages={1-15},
  keywords={Global navigation satellite system;Sensors;Accuracy;Navigation;State estimation;Cameras;Estimation;Homogeneous and heterogeneous sensors;tightly coupled integration;GNSS-inertial-visual system;vehicle positioning;state estimation},
  doi={10.1109/TASE.2024.3422081}}

@ARTICLE{1008998,
  author={Honghui Qi and Moore, J.B.},
  journal={IEEE Transactions on Aerospace and Electronic Systems},
  title={Direct Kalman filtering approach for GPS/INS integration},
  year={2002},
  volume={38},
  number={2},
  pages={687-693},
  keywords={Kalman filters;Filtering;Global Positioning System;Nonlinear equations;Radio navigation;Aircraft navigation;Data preprocessing;Measurement units;Acceleration;Earth},
  doi={10.1109/TAES.2002.1008998}}

@INPROCEEDINGS{8987949,
  author={Anbu, N. Allan and Jayaprasanth, D.},
  booktitle={2019 International Conference on Smart Systems and Inventive Technology (ICSSIT)},
  title={Integration of Inertial Navigation System with Global Positioning System using Extended Kalman Filter},
  year={2019},
  volume={},
  number={},
  pages={789-794},
  keywords={Magnetic separation;Estimation;Inertial navigation;Position measurement;Sensor phenomena and characterization;Trajectory;Kalman filters;State estimation;Jacobian;Extended Kalman filter;stochastic system;Global Positioning System (GPS);Inertial Navigation System (INS)},
  doi={10.1109/ICSSIT46314.2019.8987949}}

@article{Sturza1988_redundant,
author = {Sturza, Mark},
year = {1988},
month = {12},
pages = {},
title = {Navigation System Integrity Using Redundant Measurements},
volume = {35},
journal = {J. Inst. Navigation},
doi = {10.1002/j.2161-4296.1988.tb00975.x}}

@article{patel2022_multi-imu,
    author = {Patel, Ujjval and Faruque, Imraan},
    year = {2022},
    month = {01},
    pages = {1-1},
    title = {Multi-IMU Based Alternate Navigation Frameworks: Performance & Comparison for UAS},
    volume = {10},
    journal = {IEEE Access},
    doi = {10.1109/ACCESS.2022.3144687}}

@inproceedings{waegli2008,
    author = {Waegli, Adrian and Guerrier, Stéphane and Skaloud, Jan},
    year = {2008},
    month = {06},
    pages = {1260 - 1268},
    title = {Redundant MEMS-IMU integrated with GPS for performance assessment in sports},
    isbn = {978-1-4244-1536-6},
    journal = {Record - IEEE PLANS, Position Location and Navigation Symposium},
    doi = {10.1109/PLANS.2008.4570079}}

@inproceedings{guerrier2009,
    author = {Guerrier, Stéphane},
    year = {2009},
    month = {09},
    pages = {},
    title = {Improving accuracy with multiple sensors: Study of redundant MEMS-IMU/GPS configurations},
    volume = {5},
    journal = {22nd International Technical Meeting of the Satellite Division of the Institute of Navigation 2009, ION GNSS 2009}}

@article{xue2023,
    author = {Xue, Liang and Yang, Bo and Wang, Xinguo and Cai, Guangbin and Shan, Bin and Chang, Honglong},
    year = {2023},
    month = {03},
    pages = {759},
    title = {MIMU Optimal Redundant Structure and Signal Fusion Algorithm Based on a Non-Orthogonal MEMS Inertial Sensor Array},
    volume = {14},
    journal = {Micromachines},
    doi = {10.3390/mi14040759}}

@inproceedings{Colomina2004REDUNDANTIF,
  title={REDUNDANT IMUS FOR PRECISE TRAJECTORY DETERMINATION},
  author={Ismael Colomina and Marcelo Gim{\'e}nez and Jos{\'e} J. Rosales and A. G{\'o}mez and P. Miguelsanz},
  year={2004},
  url={https://api.semanticscholar.org/CorpusID:16834739}}

@ARTICLE{jafari2014_PEM,
  author={Jafari, Mahdi and Najafabadi, Tooraj Abbasian and Moshiri, Behzad and Tabatabaei, Sayyed Sepehr and Sahebjameyan, Masoud},
  journal={IEEE Sensors Journal},
  title={PEM Stochastic Modeling for MEMS Inertial Sensors in Conventional and Redundant IMUs},
  year={2014},
  volume={14},
  number={6},
  pages={2019-2027},
  keywords={Sensors;Stochastic processes;Mathematical model;Navigation;Noise;Micromechanical devices;Equations;Prediction error minimization (PEM);autoregressive (AR) modeling;stochastic modeling;skew redundant inertial measurement unit (SRIMU);strapdown inertial navigation system (SINS);micro-electro mechanical system (MEMS)},
  doi={10.1109/JSEN.2014.2306912}}

@ARTICLE{9713870,
  author={Xue, Liang and Yang, Bo and Wang, Xinguo and Shan, Bin and Gao, Jiuan and Chang, Honglong and Yao, Yuanfu},
  journal={IEEE Sensors Journal},
  title={Design of Optimal Estimation Algorithm for Multi-Sensor Fusion of a Redundant MEMS Gyro System},
  year={2023},
  volume={23},
  number={5},
  pages={4577-4588},
  keywords={Gyroscopes;Correlation;Sensors;Micromechanical devices;Covariance matrices;Sensor fusion;Estimation;MEMS sensor;redundant gyroscope system;data fusion;Kalman filter;accuracy improvement},
  doi={10.1109/JSEN.2022.3151385}}

@article{Bancroft2011DataFA,
  title={Data Fusion Algorithms for Multiple Inertial Measurement Units},
  author={Jared Bancroft and G{\'e}rard Lachapelle},
  journal={Sensors (Basel, Switzerland)},
  year={2011},
  volume={11},
  pages={6771 - 6798},
  url={https://api.semanticscholar.org/CorpusID:13051153}}

@Article{Beaudoin2018_satelite,
    AUTHOR = {Beaudoin, Yanick and Desbiens, André and Gagnon, Eric and Landry, René},
    TITLE = {Satellite Launcher Navigation with One Versus Three IMUs: Sensor Positioning and Data Fusion Model Analysis},
    JOURNAL = {Sensors},
    VOLUME = {18},
    YEAR = {2018},
    NUMBER = {6},
    ARTICLE-NUMBER = {1872},
    URL = {https://www.mdpi.com/1424-8220/18/6/1872},
    PubMedID = {29880776},
    ISSN = {1424-8220},
    DOI = {10.3390/s18061872}}

@ARTICLE{Eckenhoff2021_MIMC-VINS,
  author={Eckenhoff, Kevin and Geneva, Patrick and Huang, Guoquan},
  journal={IEEE Transactions on Robotics},
  title={MIMC-VINS: A Versatile and Resilient Multi-IMU Multi-Camera Visual-Inertial Navigation System},
  year={2021},
  volume={37},
  number={5},
  pages={1360-1380},
  keywords={Sensors;Cameras;Calibration;Sensor systems;Sensor fusion;Estimation;Visualization;Estimation consistency;estimation resilience;Kalman filtering;multisensor fusion;sensor calibration;state estimation;visual-inertial systems},
  doi={10.1109/TRO.2021.3049445}}

@ARTICLE{IEKF,
  author={Barrau, Axel and Bonnabel, Silvère},
  journal={IEEE Transactions on Automatic Control},
  title={The Invariant Extended Kalman Filter as a Stable Observer},
  year={2017},
  volume={62},
  number={4},
  pages={1797-1812},
  keywords={Trajectory;Mathematical model;Observers;Kalman filters;Convergence;Estimation error;Differential equations;Asymptotic observers;Kalman filters;nonlinear filters;observers},
  doi={10.1109/TAC.2016.2594085}}

@inproceedings{penncosyvio,
author    = {Bernd Pfrommer and
Nitin Sanket and
Kostas Daniilidis and
Jonas Cleveland},
title     = {PennCOSYVIO: {A} challenging Visual Inertial Odometry benchmark},
booktitle = {2017 {IEEE} International Conference on Robotics and Automation, {ICRA}
2017, Singapore, Singapore, May 29 - June 3, 2017},
pages     = {3847--3854},
year      = {2017},
crossref  = {DBLP:conf/icra/2017},
url       = {https://doi.org/10.1109/ICRA.2017.7989443},
doi       = {10.1109/ICRA.2017.7989443},
timestamp = {Wed, 26 Jul 2017 15:17:30 +0200},
biburl    = {http://dblp.uni-trier.de/rec/bib/conf/icra/PfrommerSDC17},
bibsource = {dblp computer science bibliography, http://dblp.org}}

@Conference{openvins,
  Title      = {{OpenVINS}: A Research Platform for Visual-Inertial Estimation},
  Author     = {Patrick Geneva and Kevin Eckenhoff and Woosik Lee and Yulin Yang and Guoquan Huang},
  Booktitle  = {Proc. of the IEEE International Conference on Robotics and Automation},
  Year       = {2020},
  Address    = {Paris, France},
  Url        = {\url{https://github.com/rpng/open_vins}}}